@article{liu2015comparison,
  title={Comparison of four Adaboost algorithm based artificial neural networks in wind speed predictions},
  author={Liu, Hui and Tian, Hong-qi and Li, Yan-fei and Zhang, Lei},
  journal={Energy Conversion and Management},
  volume={92},
  pages={67--81},
  year={2015},
  publisher={Elsevier}
}
@article{arabasadi2017computer,
  title={Computer aided decision making for heart disease detection using hybrid neural network-Genetic algorithm},
  author={Arabasadi, Zeinab and Alizadehsani, Roohallah and Roshanzamir, Mohamad and Moosaei, Hossein and Yarifard, Ali Asghar},
  journal={Computer methods and programs in biomedicine},
  volume={141},
  pages={19--26},
  year={2017},
  publisher={Elsevier}
}
@book{gurdal1999design,
  title={Design and optimization of laminated composite materials},
  author={G{\"u}rdal, Zafer and Haftka, Raphael T and Hajela, Prabhat},
  year={1999},
  publisher={John Wiley \& Sons}
}
@book{daniel2013principles,
  title={Principles of artificial neural networks},
  author={Daniel, Graupe},
  volume={7},
  year={2013},
  publisher={World Scientific}
}
