@article{reddy1987first,
  title={A first-ply failure analysis of composite laminates},
  author={Reddy, JN and Pandey, AK},
  journal={Computers \& Structures},
  volume={25},
  number={3},
  pages={371--393},
  year={1987},
  publisher={Elsevier}
}

@article{ochoa1987analysis,
  title={Analysis of progressive failure in composites},
  author={Ochoa, Ozden O and Engblom, John J},
  journal={Composites Science and Technology},
  volume={28},
  number={2},
  pages={87--102},
  year={1987},
  publisher={Elsevier}
}

@article{akbulut2011design,
  title={Design optimization of laminated composites using a new variant of simulated annealing},
  author={Akbulut, Mustafa and Sonmez, Fazil O},
  journal={Computers \& structures},
  volume={89},
  number={17-18},
  pages={1712--1724},
  year={2011},
  publisher={Elsevier}
}

@book{daniel1994engineering,
  title={Engineering mechanics of composite materials},
  author={Daniel, Isaac M and Ishai, Ori and Daniel, Issac M and Daniel, Ishai},
  volume={3},
  year={1994},
  publisher={Oxford university press New York}
}

@article{chen2014simulating,
  title={Simulating progressive failure of composite laminates including in-ply and delamination damage effects},
  author={Chen, Jing-Fen and Morozov, Evgeny V and Shankar, Krishnakumar},
  journal={Composites Part A: Applied Science and Manufacturing},
  volume={61},
  pages={185--200},
  year={2014},
  publisher={Elsevier}
}

@article{taetragool2017stacking,
  title={Stacking sequence optimization for maximizing the first failure initiation load followed by progressive failure analysis until the ultimate load},
  author={Taetragool, U and Shah, PH and Halls, VA and Zheng, JQ and Batra, RC},
  journal={Composite Structures},
  volume={180},
  pages={1007--1021},
  year={2017},
  publisher={Elsevier}
}

@article{goldberg1988genetic,
  title={Genetic algorithms and machine learning},
  author={Goldberg, David E and Holland, John Henry},
  year={1988},
  publisher={Kluwer Academic Publishers-Plenum Publishers; Kluwer Academic Publishers~â€¦}
}

@incollection{goldberg1991comparative,
  title={A comparative analysis of selection schemes used in genetic algorithms},
  author={Goldberg, David E and Deb, Kalyanmoy},
  booktitle={Foundations of genetic algorithms},
  volume={1},
  pages={69--93},
  year={1991},
  publisher={Elsevier}
}

@article{genlin2004survey,
  title={Survey on genetic algorithm [J]},
  author={Genlin, Ji},
  journal={Computer Applications and Software},
  volume={2},
  number={1},
  pages={69--73},
  year={2004}
}

@inproceedings{semenkin2012self,
  title={Self-configuring genetic algorithm with modified uniform crossover operator},
  author={Semenkin, Eugene and Semenkina, Maria},
  booktitle={International Conference in Swarm Intelligence},
  pages={414--421},
  year={2012},
  organization={Springer}
}

@incollection{mirjalili2019genetic,
  title={Genetic algorithm},
  author={Mirjalili, Seyedali},
  booktitle={Evolutionary algorithms and neural networks},
  pages={43--55},
  year={2019},
  publisher={Springer}
}

